% This file was created with JabRef 2.4.2.
% Encoding: UTF8

@BOOKLET{Wikipedia,
  title = {Wikipedia-Website},
  author = {wikipedia.de},
  lastchecked = {04.12.2018},
  year = {2018},
  owner = {wikipedia},
  timestamp = {2018.12.4},
  url = {https://de.wikipedia.org/wiki/ABAP/}
}

@BOOKLET{SAPArchive,
  title = {SAP.Archive-Website},
  author = {SAP.archive},
  lastchecked = {04.12.2018},
  year = {2018},
  owner = {sap},
  timestamp = {2018.12.4},
  url = {https://archive.sap.com}
}

@BOOKLET{Fachinformatiker-Anwendugsentwicklung,
  title = {Fachinformatiker-anwendungsentwickler},
  author = {Fachinformatiker-Website},
  lastchecked = {04.12.2018},
  year = {2018},
  owner = {},
  timestamp = {2018.12.4},
  url = {https://fachinformatiker-anwendungsentwicklung.net/beispiele-fuer-abschlussprojekte/}
}

@BOOKLET{Tex.stackexchange,
  title = {Tex.stackexchange},
  author = {Stackexchange-Website},
  lastchecked = {04.12.2018},
  year = {2018},
  owner = {},
  timestamp = {2018.12.4},
  url = {https://tex.stackexchange.com/}
}
